@inproceedings{knn_video_matting_iccv2013,
     author={Dingzeyu Li and Qifeng Chen and Chi-Keung Tang}, 
     booktitle={International Conference on Computer Vision (ICCV), 2013}, 
     title={Motion-Aware KNN Laplacian for Video Matting}, 
     year={2013}, 
   }
   
@inproceedings{Agrawal:1993:ESS:645415.652239,
 author = {Agrawal, Rakesh and Faloutsos, Christos and Swami, Arun N.},
 title = {Efficient Similarity Search In Sequence Databases},
 booktitle = {Proceedings of the 4th International Conference on Foundations of Data Organization and Algorithms},
 series = {FODO '93},
 year = {1993},
 isbn = {3-540-57301-1},
 pages = {69--84},
 numpages = {16},
 publisher = {Springer-Verlag},
 address = {London, UK, UK},
}

@article{Bai:2011:CPT:2043652.2043659,
 author = {Bai, Xiao and Guerraoui, Rachid and Kermarrec, Anne-Marie and Leroy, Vincent},
 title = {Collaborative Personalized Top-k Processing},
 journal = {ACM Trans. Database Syst.},
 issue_date = {December 2011},
 volume = {36},
 number = {4},
 month = dec,
 year = {2011},
 issn = {0362-5915},
 pages = {26:1--26:38},
 articleno = {26},
 numpages = {38},
 doi = {10.1145/2043652.2043659},
 publisher = {ACM},
 address = {New York, NY, USA},
}

@article{SurveyNNTechniques,
 author = {Bhatia, Nitin and Vandana, Ashev},
 title = {Survey of Nearest Neighbor Techniques},
 journal = {International Journal of Computer Science and Information Security},
 volume = {8},
 number = {2},
 year = {2010},
 issn = {1947-5500},
} 

@inproceedings{Jiang:2007:SIK:1302500.1303257,
 author = {Jiang, Liangxiao and Cai, Zhihua and Wang, Dianhong and Jiang, Siwei},
 title = {Survey of Improving K-Nearest-Neighbor for Classification},
 booktitle = {Proceedings of the Fourth International Conference on Fuzzy Systems and Knowledge Discovery - Volume 01},
 series = {FSKD '07},
 year = {2007},
 isbn = {0-7695-2874-0},
 pages = {679--683},
 numpages = {5},
 doi = {10.1109/FSKD.2007.552},
 acmid = {1303257},
 publisher = {IEEE Computer Society},
 address = {Washington, DC, USA},
}  

@article{Rafiei:1997:SQT:253262.253264,
 author = {Rafiei, Davood and Mendelzon, Alberto},
 title = {Similarity-based Queries for Time Series Data},
 journal = {SIGMOD Rec.},
 issue_date = {June 1997},
 volume = {26},
 number = {2},
 month = jun,
 year = {1997},
 issn = {0163-5808},
 pages = {13--25},
 numpages = {13},
 doi = {10.1145/253262.253264},
 acmid = {253264},
 publisher = {ACM},
 address = {New York, NY, USA},
}


@INPROCEEDINGS{5930107, 
author={Inthajak, K. and Duanggate, C. and Uyyanonvara, B. and Makhanov, S.S. and Barman, S.}, 
booktitle={Computer Science and Software Engineering (JCSSE), 2011 Eighth International Joint Conference on}, 
title={Medical image blob detection with feature stability and KNN classification}, 
year={2011}, 
month={May}, 
pages={128-131}, 
doi={10.1109/JCSSE.2011.5930107},}

@inproceedings{Korn:1996:FNN:645922.673493,
 author = {Korn, Flip and Sidiropoulos, Nikolaos and Faloutsos, Christos and Siegel, Eliot and Protopapas, Zenon},
 title = {Fast Nearest Neighbor Search in Medical Image Databases},
 booktitle = {Proceedings of the 22th International Conference on Very Large Data Bases},
 series = {VLDB '96},
 year = {1996},
 isbn = {1-55860-382-4},
 pages = {215--226},
 numpages = {12},
 acmid = {673493},
 publisher = {Morgan Kaufmann Publishers Inc.},
 address = {San Francisco, CA, USA},
}

@article{Kriegel:1998:ASS:594718.594761,
 author = {Kriegel, Hans-Peter and Seidl, Thomas},
 title = {Approximation-Based Similarity Search for 3-D Surface Segments},
 journal = {Geoinformatica},
 issue_date = {June 1998},
 volume = {2},
 number = {2},
 month = jun,
 year = {1998},
 issn = {1384-6175},
 pages = {113--147},
 numpages = {35},
 doi = {10.1023/A:1009760031965},
 acmid = {594761},
 publisher = {Kluwer Academic Publishers},
 address = {Hingham, MA, USA},
}

@article{MuX,
 author = {Christian B{\"o}hm and Florian Krebs},
 title = {The k-Nearest Neighbour Join: Turbo Charging the KDD Process},
 journal = {Knowl. Inf. Syst.},
 issue_date = {November 2004},
 volume = {6},
 number = {6},
 month = nov,
 year = {2004},
 issn = {0219-1377},
 pages = {728--749},
 numpages = {22},
 doi = {10.1007/s10115-003-0122-9},
 acmid = {1031387},
 publisher = {Springer-Verlag New York, Inc.},
 address = {New York, NY, USA},

} 


@article{DBLP:journals/tods/JagadishOTYZ05,
  author    = {H. V. Jagadish and
               Beng Chin Ooi and
               Kian-Lee Tan and
               Cui Yu and
               Rui Zhang},
  title     = {iDistance: An adaptive B$^{\mbox{+}}$-tree based indexing method
               for nearest neighbor search},
  journal   = {ACM Trans. Database Syst.},
  volume    = {30},
  number    = {2},
  year      = {2005},
  pages     = {364-397},
}


@article{Yu:2010:HKJ:1713160.1713227,
 author = {Yu, Cui and Zhang, Rui and Huang, Yaochun and Xiong, Hui},
 title = {High-dimensional kNN Joins with Incremental Updates},
 journal = {Geoinformatica},
 issue_date = {January   2010},
 volume = {14},
 number = {1},
 month = jan,
 year = {2010},
 issn = {1384-6175},
 pages = {55--82},
 numpages = {28},
 doi = {10.1007/s10707-009-0076-5},
 acmid = {1713227},
 publisher = {Kluwer Academic Publishers},
 address = {Hingham, MA, USA},
}

@inproceedings{liao2001high,
  title={High dimensional similarity search with space filling curves},
  author={Liao, Swanwa and Lopez, Mario A and Leutenegger, Scott T},
  booktitle={Data Engineering},
  pages={615--622},
  year={2001},
  organization={IEEE}
}

@inproceedings{Ciaccia:1997:MEA:645923.671005,
 author = {Ciaccia, Paolo and Patella, Marco and Zezula, Pavel},
 title = {M-tree: An Efficient Access Method for Similarity Search in Metric Spaces},
 booktitle = {Proceedings of the 23rd International Conference on Very Large Data Bases},
 series = {VLDB '97},
 year = {1997},
 isbn = {1-55860-470-7},
 pages = {426--435},
 numpages = {10},
 acmid = {671005},
 publisher = {Morgan Kaufmann Publishers Inc.},
 address = {San Francisco, CA, USA},
} 

@article{Bentley:1975:MBS:361002.361007,
 author = {Bentley, Jon Louis},
 title = {Multidimensional Binary Search Trees Used for Associative Searching},
 journal = {Commun. ACM},
 issue_date = {Sept. 1975},
 volume = {18},
 number = {9},
 month = sep,
 year = {1975},
 issn = {0001-0782},
 pages = {509--517},
 numpages = {9},
 doi = {10.1145/361002.361007},
 acmid = {361007},
 publisher = {ACM},
 address = {New York, NY, USA},
}


@inproceedings{Datar:2004:LHS:997817.997857,
 author = {Datar, Mayur and Immorlica, Nicole and Indyk, Piotr and Mirrokni, Vahab S.},
 title = {Locality-sensitive Hashing Scheme Based on P-stable Distributions},
 booktitle = {Proceedings of the Twentieth Annual Symposium on Computational Geometry},
 series = {SCG '04},
 year = {2004},
 isbn = {1-58113-885-7},
 location = {Brooklyn, New York, USA},
 pages = {253--262},
 numpages = {10},
 doi = {10.1145/997817.997857},
 acmid = {997857},
 publisher = {ACM},
 address = {New York, NY, USA},
}

@INPROCEEDINGS{5447837, 
author={Bin Yao and Feifei Li and Kumar, P.}, 
booktitle={Data Engineering (ICDE), 2010 IEEE 26th International Conference on}, 
title={K nearest neighbor queries and kNN-Joins in large relational databases (almost) for free}, 
year={2010}, 
month={March}, 
pages={4-15},  
doi={10.1109/ICDE.2010.5447837},
}

@MISC{Andreica13sequentialand,
    author = {Mugurel Ionut Andreica and Nicolae T Ăpus},
    title = {SEQUENTIAL AND MAPREDUCE-BASED ALGORITHMS FOR CONSTRUCTING AN IN-PLACE MULTIDIMENSIONAL QUAD-TREE INDEX FOR ANSWERING FIXED-RADIUS NEAREST NEIGHBOR QUERIES},
    year = {2013}
}

@article{Dean:2008:MSD:1327452.1327492,
 author = {Dean, Jeffrey and Ghemawat, Sanjay},
 title = {MapReduce: Simplified Data Processing on Large Clusters},
 journal = {Commun. ACM},
 issue_date = {January 2008},
 volume = {51},
 number = {1},
 month = jan,
 year = {2008},
 issn = {0001-0782},
 pages = {107--113},
 numpages = {7},
 doi = {10.1145/1327452.1327492},
 acmid = {1327492},
 publisher = {ACM},
 address = {New York, NY, USA},
}

@MISC{Hadoop:Website,
    title = {Hadoop},
    url = {http://hadoop.apache.org/}
}

@MISC{Mahout,
    title = {Mahout},
    url = {https://mahout.apache.org/}
}

@MISC{Haghani_lshat,
    author = {Parisa Haghani and Sebastian Michel and Karl Aberer},
    title = {LSH At Large – Distributed KNN Search in High Dimensions ∗},
    booktitle = {WebDB'08},
    year = {2008}
}

@inproceedings{Novak:2006:MSD:1146847.1146866,
 author = {Novak, David and Zezula, Pavel},
 title = {M-Chord: A Scalable Distributed Similarity Search Structure},
 booktitle = {Proceedings of the 1st International Conference on Scalable Information Systems},
 series = {InfoScale '06},
 year = {2006},
 isbn = {1-59593-428-6},
 location = {Hong Kong},
 articleno = {19},
 doi = {10.1145/1146847.1146866},
 acmid = {1146866},
 publisher = {ACM},
 address = {New York, NY, USA},
} 

@inproceedings{Zhang:2012:EPK:2247596.2247602,
 author = {Zhang, Chi and Li, Feifei and Jestes, Jeffrey},
 title = {Efficient Parallel kNN Joins for Large Data in MapReduce},
 booktitle = {Proceedings of the 15th International Conference on Extending Database Technology},
 series = {EDBT '12},
 year = {2012},
 isbn = {978-1-4503-0790-1},
 location = {Berlin, Germany},
 pages = {38--49},
 numpages = {12},
 doi = {10.1145/2247596.2247602},
 acmid = {2247602},
 publisher = {ACM},
 address = {New York, NY, USA},
} 

@article{Lu:2012:EPK:2336664.2336674,
 author = {Lu, Wei and Shen, Yanyan and Chen, Su and Ooi, Beng Chin},
 title = {Efficient Processing of K Nearest Neighbor Joins Using MapReduce},
 journal = {Proc. VLDB Endow.},
 issue_date = {June 2012},
 volume = {5},
 number = {10},
 month = jun,
 year = {2012},
 issn = {2150-8097},
 pages = {1016--1027},
 numpages = {12},
 acmid = {2336674},
 publisher = {VLDB Endowment},
}

@article{10.1371/journal.pone.0044000,
 author = {Arefin, Ahmed Shamsul and Riveros, Carlos and Berretta, Regina and Moscato, Pablo},
 title = {GPU-FS-kNN: A Software Tool for Fast and Scalable kNN Computation Using GPUs},
 journal = {PLOS ONE},
 issue_date = {August 2012},
 volume = {7},
 number = {8},
 month = aug,
 year = {2012},
 publisher = {Public Library of Science},
}

@INPROCEEDINGS{Stupar10rankreduce-,
    author = {Aleksandar Stupar and Sebastian Michel and Ralf Schenkel},
    title = {RankReduce - processing K-Nearest Neighbor queries on top of MapReduce},
    booktitle = {In LSDS-IR},
    year = {2010}
}

@inproceedings{bohm2007efficiently,
  title={Efficiently processing continuous k-nn queries on data streams},
  author={Bohm, Christian and Ooi, Beng Chin and Plant, Claudia and Yan, Ying},
  booktitle={Data Engineering, 2007. ICDE 2007. IEEE 23rd International Conference on},
  pages={156--165},
  year={2007},
  organization={IEEE}
}



@inproceedings{DBLP:conf/hpcc/SongMHMYL13,
  author    = {Ge Song and
               Zide Meng and
               Fabrice Huet and
               Fr{\'{e}}d{\'{e}}ric Magoul{\`{e}}s and
               Lei Yu and
               Xuelian Lin},
  title     = {A Hadoop MapReduce Performance Prediction Method},
  booktitle = {10th {IEEE} International Conference on High Performance Computing
               and Communications {\&} 2013 {IEEE} International Conference on
               Embedded and Ubiquitous Computing, {HPCC/EUC} 2013, Zhangjiajie, China,
               November 13-15, 2013},
  year      = {2013},
  pages     = {820--825},
  doi       = {10.1109/HPCC.and.EUC.2013.118},
  timestamp = {Mon, 17 Nov 2014 10:59:55 +0100},
  biburl    = {http://dblp.uni-trier.de/rec/bib/conf/hpcc/SongMHMYL13},
  bibsource = {dblp computer science bibliography, http://dblp.org}
}

@article{Zhou:1998:DPP:594718.594759,
 author = {Zhou, Xiaofang and Abel, David J. and Truffet, David},
 title = {Data Partitioning for Parallel Spatial Join Processing},
 journal = {Geoinformatica},
 issue_date = {June 1998},
 volume = {2},
 number = {2},
 month = jun,
 year = {1998},
 issn = {1384-6175},
 pages = {175--204},
 numpages = {30},
 doi = {10.1023/A:1009755931056},
 acmid = {594759},
 publisher = {Kluwer Academic Publishers},
 address = {Hingham, MA, USA},
}

@inproceedings{Bawa:2005:LFS:1060745.1060840,
 author = {Bawa, Mayank and Condie, Tyson and Ganesan, Prasanna},
 title = {LSH Forest: Self-tuning Indexes for Similarity Search},
 booktitle = {Proceedings of the 14th International Conference on World Wide Web},
 series = {WWW '05},
 year = {2005},
 isbn = {1-59593-046-9},
 location = {Chiba, Japan},
 pages = {651--660},
 numpages = {10},
 doi = {10.1145/1060745.1060840},
 acmid = {1060840},
 publisher = {ACM},
 address = {New York, NY, USA},
}

@inproceedings{Beyer:1999:NNM:645503.656271,
 author = {Beyer, Kevin S. and Goldstein, Jonathan and Ramakrishnan, Raghu and Shaft, Uri},
 title = {When Is ''Nearest Neighbor'' Meaningful?},
 booktitle = {Proceedings of the 7th International Conference on Database Theory},
 series = {ICDT '99},
 year = {1999},
 isbn = {3-540-65452-6},
 pages = {217--235},
 numpages = {19},
 acmid = {656271},
 publisher = {Springer-Verlag},
 address = {London, UK, UK},
}

@article{DBLP:journals/geoinformatica/YuZHX10,
  author    = {Cui Yu and
               Rui Zhang and
               Yaochun Huang and
               Hui Xiong},
  title     = {High-dimensional kNN joins with incremental updates},
  journal   = {GeoInformatica},
  volume    = {14},
  number    = {1},
  year      = {2010},
  pages     = {55-82},
}

@article{Bu:2010:HEI:1920841.1920881,
 author = {Bu, Yingyi and Howe, Bill and Balazinska, Magdalena and Ernst, Michael D.},
 title = {HaLoop: Efficient Iterative Data Processing on Large Clusters},
 journal = {Proc. VLDB Endow.},
 issue_date = {September 2010},
 volume = {3},
 number = {1-2},
 month = sep,
 year = {2010},
 issn = {2150-8097},
 pages = {285--296},
 numpages = {12},
 url = {http://dl.acm.org/citation.cfm?id=1920841.1920881},
 acmid = {1920881},
 publisher = {VLDB Endowment},
} 

@inproceedings{vu:hal-00916103,
    hal_id = {hal-00916103},
    title = {{A Lightweight Continuous Jobs Mechanism for MapReduce Frameworks}},
    author = {Vu, Trong-Tuan and Huet, Fabrice},
    booktitle = {{Proceedings of the 13th IEEE/ACM International Symposium on Cluster, Cloud, and Grid Computing, CCGrid 2013, Delft, Netherlands}},
    pages = {269-276},
    address = {Pays-Bas},
    audience = {internationale },
    collaboration = {Grid5000 },
    year = {2013},
    month = Jun,
}

@article{Jiang:2010:PMI:1920841.1920903,
 author = {Jiang, Dawei and Ooi, Beng Chin and Shi, Lei and Wu, Sai},
 title = {The Performance of MapReduce: An In-depth Study},
 journal = {Proc. VLDB Endow.},
 issue_date = {September 2010},
 volume = {3},
 number = {1-2},
 month = sep,
 year = {2010},
 issn = {2150-8097},
 pages = {472--483},
 numpages = {12},
 publisher = {VLDB Endowment},
} 